% -----------------------------------------------------------------------
% File: CogSci_Template.bib
% -----------------------------------------------------------------------

% Modified : Eli M. Silk (esilk at pitt.edu)            05/24/2005
% Modified : David Noelle (dnoelle at ucmerced.edu)     11/19/2014

@article{ganek2018language,
  title={Language {EN}vironment analysis ({LENA}) system investigation of day long recordings in children: A literature review},
  author={Ganek, Hillary and Eriks-Brophy, Alice},
  journal={Journal of Communication Disorders},
  volume={72},
  pages={77--85},
  year={2018},
  publisher={Elsevier}
}

@inproceedings{karam2014ecologically,
  title={Ecologically valid long-term mood monitoring of individuals with bipolar disorder using speech},
  author={Karam, Zahi N and Provost, Emily Mower and Singh, Satinder and Montgomery, Jennifer and Archer, Christopher and Harrington, Gloria and Mcinnis, Melvin G},
  booktitle={{IEEE} {I}nternational {C}onference on {A}coustics, {S}peech and {S}ignal {P}rocessing ({ICASSP})},
  pages={4858--4862},
  year={2014},
  organization={IEEE}
}

@article{casillasURstep,
  author={Casillas, Marisa and Cristia, Alejandrina},
  title = {A step-by-step guide to collecting and analyzing long-format speech environment ({LFSE}) recordings},
  journal =	{XX},
  year = {under review},
  volume = {XX},
  pages = {XX--XX}
}

@article{greenwood2011assessing,
  title={Assessing children's home language environments using automatic speech recognition technology},
  author={Greenwood, Charles R. and Thiemann-Bourque, Kathy and Walker, Dale and Buzhardt, Jay and Gilkerson,  Jill},
  journal={Communication Disorders Quarterly},
  volume={32},
  number={2},
  pages={83--92},
  year={2011},
  doi={10.1177/1525740110367826}
}

@MISC{HomeBank,
  author = {VanDam, Mark and Warlaumont, Anne S. and Bergelson, Elika and Cristia, Alejandrina and De Palma, Paul and MacWhinney, Brian},
  title = {Home{B}ank: An Online Repository of Daylong Child-Centered Audio Recordings},
  journal = {Seminars in Speech and Language},
  year = {2016}
}

@MISC{casillas2017ACLEWDAS,
  author = {Casillas, Marisa and Bunce, John and Soderstrom, Melanie and Rosemberg, Celia and Migdalek, Maia and Alam, Florencia and Stein, Alejandra and Garrison, Hallie},
  title = {Introduction: The {ACLEW DAS} template [training materials]},
  year = {2017},
  url={https://osf.io/aknjv/}
}


% -----------------------------------------------------------------------
% Document End
% -----------------------------------------------------------------------
